@article{Moor06,
		author    = {James Moor},
		title     = {The Dartmouth College Artificial Intelligence Conference: The Next Fifty Years},
		journal   = {{AI} Magazine},
		volume    = {27},
		number    = {4},
		pages     = {87--91},
		year      = {2006},
		url       = {http://www.aaai.org/ojs/index.php/aimagazine/article/view/1911},
		timestamp = {Mon, 27 Dec 2010 18:44:43 +0100},
		biburl    = {https://dblp.org/rec/bib/journals/aim/Moor06},
		bibsource = {dblp computer science bibliography, https://dblp.org}
	}

@online{wiki,
	title        = {Scientific literature},
	organization = {Wikimedia Foundation, Inc.},
	urldate      = {2018-10-28},
	url          = {https://en.wikipedia.org/wiki/Scientific_literature#Scientific_papers_and_articles},
	keywords     = {untrusted},
}
    
